%% This BibTeX bibliography file was created using BibDesk.
%% https://bibdesk.sourceforge.io/

%% Created for Atakan Serbes at 2019-03-10 22:59:42 +0300 


%% Saved with string encoding Unicode (UTF-8) 



@inproceedings{yang2010bag,
	Author = {Yang, Yi and Newsam, Shawn},
	Booktitle = {Proceedings of the 18th SIGSPATIAL international conference on advances in geographic information systems},
	Date-Added = {2019-03-10 19:59:36 +0000},
	Date-Modified = {2019-03-10 19:59:36 +0000},
	Organization = {ACM},
	Pages = {270--279},
	Title = {Bag-of-visual-words and spatial extensions for land-use classification},
	Year = {2010}}

@article{li2017rsi,
	Author = {Li, Haifeng and Tao, Chao and Wu, Zhixiang and Chen, Jie and Gong, Jianya and Deng, Min},
	Date-Added = {2019-03-10 19:02:54 +0000},
	Date-Modified = {2019-03-10 19:02:54 +0000},
	Journal = {arXiv preprint arXiv:1705.10450},
	Title = {RSI-CB: a large scale remote sensing image classification benchmark via crowdsource data},
	Year = {2017}}

@article{alshehhi2017simultaneous,
	Author = {Alshehhi, Rasha and Marpu, Prashanth Reddy and Woon, Wei Lee and Dalla Mura, Mauro},
	Date-Added = {2019-03-10 18:57:38 +0000},
	Date-Modified = {2019-03-10 18:57:38 +0000},
	Journal = {ISPRS Journal of Photogrammetry and Remote Sensing},
	Pages = {139--149},
	Publisher = {Elsevier},
	Title = {Simultaneous extraction of roads and buildings in remote sensing imagery with convolutional neural networks},
	Volume = {130},
	Year = {2017}}

@article{cheng2016learning,
	Author = {Cheng, Gong and Zhou, Peicheng and Han, Junwei},
	Date-Added = {2019-03-10 18:55:57 +0000},
	Date-Modified = {2019-03-10 18:55:57 +0000},
	Journal = {IEEE Transactions on Geoscience and Remote Sensing},
	Number = {12},
	Pages = {7405--7415},
	Publisher = {IEEE},
	Title = {Learning rotation-invariant convolutional neural networks for object detection in VHR optical remote sensing images},
	Volume = {54},
	Year = {2016}}

@article{cheng2016survey,
	Author = {Cheng, Gong and Han, Junwei},
	Date-Added = {2019-03-10 18:55:23 +0000},
	Date-Modified = {2019-03-10 18:55:23 +0000},
	Journal = {ISPRS Journal of Photogrammetry and Remote Sensing},
	Pages = {11--28},
	Publisher = {Elsevier},
	Title = {A survey on object detection in optical remote sensing images},
	Volume = {117},
	Year = {2016}}

@article{cheng2014multi,
	Author = {Cheng, Gong and Han, Junwei and Zhou, Peicheng and Guo, Lei},
	Date-Added = {2019-03-10 18:54:45 +0000},
	Date-Modified = {2019-03-10 18:54:45 +0000},
	Journal = {ISPRS Journal of Photogrammetry and Remote Sensing},
	Pages = {119--132},
	Publisher = {Elsevier},
	Title = {Multi-class geospatial object detection and geographic image classification based on collection of part detectors},
	Volume = {98},
	Year = {2014}}

@article{cheng2017remote,
	Author = {Cheng, Gong and Han, Junwei and Lu, Xiaoqiang},
	Date-Added = {2019-03-10 18:53:15 +0000},
	Date-Modified = {2019-03-10 18:53:15 +0000},
	Journal = {Proceedings of the IEEE},
	Number = {10},
	Pages = {1865--1883},
	Publisher = {IEEE},
	Title = {Remote sensing image scene classification: Benchmark and state of the art},
	Volume = {105},
	Year = {2017}}

@article{sumbul2018fine,
	Author = {Sumbul, Gencer and Cinbis, Ramazan Gokberk and Aksoy, Selim},
	Date-Added = {2019-03-10 18:43:43 +0000},
	Date-Modified = {2019-03-10 18:43:43 +0000},
	Journal = {IEEE Transactions on Geoscience and Remote Sensing},
	Number = {2},
	Pages = {770--779},
	Publisher = {IEEE},
	Title = {Fine-grained object recognition and zero-shot learning in remote sensing imagery},
	Volume = {56},
	Year = {2018}}

@article{sumbul2019multisource,
	Author = {Sumbul, Gencer and Cinbis, Ramazan Gokberk and Aksoy, Selim},
	Date-Added = {2019-03-10 18:43:10 +0000},
	Date-Modified = {2019-03-10 18:43:10 +0000},
	Journal = {arXiv preprint arXiv:1901.06403},
	Title = {Multisource Region Attention Network for Fine-Grained Object Recognition in Remote Sensing Imagery},
	Year = {2019}}

@inproceedings{vakalopoulou2015building,
	Author = {Vakalopoulou, Maria and Karantzalos, Konstantinos and Komodakis, Nikos and Paragios, Nikos},
	Booktitle = {2015 IEEE International Geoscience and Remote Sensing Symposium (IGARSS)},
	Date-Added = {2019-03-10 18:40:05 +0000},
	Date-Modified = {2019-03-10 18:40:05 +0000},
	Organization = {IEEE},
	Pages = {1873--1876},
	Title = {Building detection in very high resolution multispectral data with deep learning features},
	Year = {2015}}

@inproceedings{akccay2010building,
	Author = {Ak{\c{c}}ay, H G{\"o}khan and Aksoy, Selim},
	Booktitle = {2010 IEEE International Geoscience and Remote Sensing Symposium},
	Date-Added = {2019-03-10 18:36:49 +0000},
	Date-Modified = {2019-03-10 18:36:49 +0000},
	Organization = {IEEE},
	Pages = {1932--1935},
	Title = {Building detection using directional spatial constraints},
	Year = {2010}}

@inproceedings{mnih2010learning,
	Author = {Mnih, Volodymyr and Hinton, Geoffrey E},
	Booktitle = {European Conference on Computer Vision},
	Date-Added = {2019-03-10 18:29:40 +0000},
	Date-Modified = {2019-03-10 18:29:40 +0000},
	Organization = {Springer},
	Pages = {210--223},
	Title = {Learning to detect roads in high-resolution aerial images},
	Year = {2010}}

@inproceedings{xia2018dota,
	Author = {Xia, Gui-Song and Bai, Xiang and Ding, Jian and Zhu, Zhen and Belongie, Serge and Luo, Jiebo and Datcu, Mihai and Pelillo, Marcello and Zhang, Liangpei},
	Booktitle = {Proceedings of the IEEE Conference on Computer Vision and Pattern Recognition},
	Date-Added = {2019-03-10 18:24:25 +0000},
	Date-Modified = {2019-03-10 18:24:25 +0000},
	Pages = {3974--3983},
	Title = {DOTA: A large-scale dataset for object detection in aerial images},
	Year = {2018}}

@article{chaudhuri2018multilabel,
	Author = {Chaudhuri, Bindita and Demir, Beg{\"u}m and Chaudhuri, Subhasis and Bruzzone, Lorenzo},
	Date-Added = {2019-03-10 18:18:30 +0000},
	Date-Modified = {2019-03-10 18:18:30 +0000},
	Journal = {IEEE Transactions on Geoscience and Remote Sensing},
	Number = {2},
	Pages = {1144--1158},
	Publisher = {IEEE},
	Title = {Multilabel remote sensing image retrieval using a semisupervised graph-theoretic method},
	Volume = {56},
	Year = {2018}}

@article{shao2018performance,
	Author = {Shao, Zhenfeng and Yang, Ke and Zhou, Weixun},
	Date-Added = {2019-03-10 18:17:56 +0000},
	Date-Modified = {2019-03-10 18:17:56 +0000},
	Journal = {Remote Sensing},
	Number = {6},
	Pages = {964},
	Publisher = {Multidisciplinary Digital Publishing Institute},
	Title = {Performance Evaluation of Single-Label and Multi-Label Remote Sensing Image Retrieval Using a Dense Labeling Dataset},
	Volume = {10},
	Year = {2018}}

@article{zhou2018patternnet,
	Author = {Zhou, Weixun and Newsam, Shawn and Li, Congmin and Shao, Zhenfeng},
	Date-Added = {2019-03-10 18:15:33 +0000},
	Date-Modified = {2019-03-10 18:15:33 +0000},
	Journal = {ISPRS Journal of Photogrammetry and Remote Sensing},
	Pages = {197--209},
	Publisher = {Elsevier},
	Title = {PatternNet: A benchmark dataset for performance evaluation of remote sensing image retrieval},
	Volume = {145},
	Year = {2018}}

@inproceedings{krizhevsky2012imagenet,
	Author = {Krizhevsky, Alex and Sutskever, Ilya and Hinton, Geoffrey E},
	Booktitle = {Advances in neural information processing systems},
	Date-Added = {2019-03-10 17:59:12 +0000},
	Date-Modified = {2019-03-10 17:59:12 +0000},
	Pages = {1097--1105},
	Title = {Imagenet classification with deep convolutional neural networks},
	Year = {2012}}
