%% This BibTeX bibliography file was created using BibDesk.
%% https://bibdesk.sourceforge.io/

%% Created for Atakan Serbes at 2019-03-10 20:35:49 +0300 


%% Saved with string encoding Unicode (UTF-8) 



@incollection{Krizhevsky:2012aa,
	Author = {Alex Krizhevsky and Sutskever, Ilya and Hinton, Geoffrey E},
	Booktitle = {Advances in Neural Information Processing Systems 25},
	Date-Modified = {2019-03-10 17:27:37 +0000},
	Editor = {F. Pereira and C. J. C. Burges and L. Bottou and K. Q. Weinberger},
	Pages = {1097--1105},
	Publisher = {Curran Associates, Inc.},
	Title = {ImageNet Classification with Deep Convolutional Neural Networks},
	Url = {http://papers.nips.cc/paper/4824-imagenet-classification-with-deep-convolutional-neural-networks.pdf},
	Year = {2012},
	Bdsk-Url-1 = {http://papers.nips.cc/paper/4824-imagenet-classification-with-deep-convolutional-neural-networks.pdf}}
